
@misc{temp,
  title={{}},
  howpublished={\url{}},
  note="[Accessed; 2019-06-10]"
}

@misc{needed,
  title={{CITE NEEDED PLEASE LOOK FOR SOMETHING}},
  howpublished={\url{https://startpage.com(}},
  note="[Accessed; 2019-06-10]"
}

@misc{Tripwire:company,
  title={{}},
  howpublished={\url{https://www.tripwire.com/company/}},
  note="[Accessed; 2019-06-10]"
}

@inproceedings{Tripwire:Impl,
 author = {Kim, Gene H. and Spafford, Eugene H.},
 title = {The Design and Implementation of Tripwire: A File System Integrity Checker},
 booktitle = {Proceedings of the 2Nd ACM Conference on Computer and Communications Security},
 series = {CCS '94},
 year = {1994},
 isbn = {0-89791-732-4},
 location = {Fairfax, Virginia, USA},
 pages = {18--29},
 numpages = {12},
 url = {http://doi.acm.org/10.1145/191177.191183},
 doi = {10.1145/191177.191183},
 acmid = {191183},
 publisher = {ACM},
 address = {New York, NY, USA},
} 
