
@misc{temp,
  title={{}},
  howpublished={\url{}},
  note="[Accessed; 2019-06-10]"
}

@misc{aide:conf,
  title={{aide.conf(5) - Linux man page}},
  howpublished={\url{https://linux.die.net/man/5/aide.conf}},
  note="[Accessed; 2019-06-10]"
}

@misc{tripwire:fim:datasheet,
  title={{Tripwire Enterprise File Integrity Manager Datasheet}},
  howpublished={\url{https://www.tripwire.com/products/tripwire-file-integrity-manager/tripwire-fim-for-comprehensive-integrity-management-register/}},
  note="[Accessed; 2019-06-10]"
}

@misc{tripwire:true:intent,
  title={{MEETING THE TRUE INTENT OF FILE INTEGRITY MONITORING}},
  howpublished={\url{https://www.tripwire.com/products/tripwire-file-integrity-manager/the-true-intent-of-file-integrity-monitoring-register/}},
  note="[Accessed; 2019-06-10]"
}

@misc{samhain,
  title={{The Samhain HIDS}},
  author={Rainer Wichmann},
  howpublished={\url{https://la-samhna.de/samhain/samhain_leaf.pdf}},
  note="[Accessed; 2019-06-10]"
}

@misc{samhain:company,
  title={{Samhain File Integrity Monitoring HIDS}},
  author={Katerina Wichmann},
  howpublished={\url{https://www.samhain.de/index.html}},
  note="[Accessed; 2019-06-10]"
}

@misc{owasp,
  title={{Open Web Application Security Project}},
  howpublished={\url{https://www.owasp.org/images/7/72/OWASP_Top_10-2017_(en).pdf.pdf}},
  note="[Accessed; 2019-06-10]"
}

@misc{chaning:times,
  title={{Linux â€“ Fake File Access, Modify and Change TimeStamps}},
  howpublished={\url{https://www.shellhacks.com/fake-file-access-modify-change-timestamps-linux/}},
  note="[Accessed; 2019-06-10]"
}

@misc{changing:attributes,
  title={{Working with Linux file system attributes}},
  author={Sander van Vugt},
  howpublished={\url{https://searchdatacenter.techtarget.com/tip/Working-with-Linux-file-system-attributes}},
  note="[Accessed; 2019-06-10]"
}

@misc{tsk:file:header,
  title={{tsk\_fs.h File Reference}},
  howpublished={\url{http://www.sleuthkit.org/sleuthkit/docs/api-docs/4.2/tsk__fs_8h.html}},
  note="[Accessed; 2019-06-10]"
}

@misc{tsk:file:struct,
  title={{TSK\_FS\_FILE Struct Reference}},
  howpublished={\url{http://www.sleuthkit.org/sleuthkit/docs/api-docs/4.2/structTSK__FS__FILE.html}},
  note="[Accessed; 2019-06-10]"
}

@misc{tsk:attr:struct,
  title={{TSK\_FS\_ATTR Struct Reference}},
  howpublished={\url{http://www.sleuthkit.org/sleuthkit/docs/api-docs/4.2/structTSK__FS__ATTR.html}},
  note="[Accessed; 2019-06-10]"
}

@misc{tsk:attr:run:struct,
  title={{TSK\_FS\_ATTR\_RUN Struct Reference}},
  howpublished={\url{http://www.sleuthkit.org/sleuthkit/docs/api-docs/4.2/structTSK__FS__ATTR__RUN.html}},
  note="[Accessed; 2019-06-10]"
}

@misc{yaml,
  title={{YAML: YAML Ain't Markup Language}},
  howpublished={\url{https://yaml.org/}},
  note="[Accessed; 2019-06-10]"
}

@misc{hash:veryslow,
  title={{How to Calculate a Hash of a file that is 1 Terabyte and over?}},
  howpublished={\url{https://stackoverflow.com/questions/22724744/how-to-calculate-a-hash-of-a-file-that-is-1-terabyte-and-over}},
  note="[Accessed; 2019-06-10]"
}

@misc{tct,
  title={{The Coroner's Toolkit (TCT)}},
  howpublished={\url{http://www.porcupine.org/forensics/tct.html}},
  note="[Accessed; 2019-06-10]"
}

@misc{pytsk3,
  title={{py4n6/pytsk}},
  howpublished={\url{https://github.com/py4n6/pytsk}},
  note="[Accessed; 2019-06-10]"
}

@misc{tsk,
  title={{Overview}},
  howpublished={\url{https://www.sleuthkit.org/sleuthkit/}},
  note="[Accessed; 2019-06-10]"
}

@misc{tsk:fls,
  title={{FLS}},
  howpublished={\url{http://www.sleuthkit.org/sleuthkit/man/fls.html}},
  note="[Accessed; 2019-06-10]"
}

@misc{tsk:about,
  title={{About}},
  howpublished={\url{https://www.sleuthkit.org/about.php}},
  note="[Accessed; 2019-06-10]"
}

@misc{tsk:history,
  title={{History}},
  howpublished={\url{https://www.sleuthkit.org/sleuthkit/history.php}},
  note="[Accessed; 2019-06-10]"
}

@misc{hash:noncrypto,
  title={{Cryptographic and Non-Cryptographic Hash Functions}},
  authir={Anderson Dadario},
  howpublished={\url{https://dadario.com.br/cryptographic-and-non-cryptographic-hash-functions/}},
  note="[Accessed; 2019-06-10]"
}

@misc{aide:totherescue,
  title={{AIDE to the Rescue -- An Open Source Security Tool}},
  author={Arthur Messenger},
  howpublished={\url{http://www.drdobbs.com/aide-to-the-rescue-an-open-source-sec/199101554}},
  note="[Accessed; 2019-06-10]"
}

@misc{aide,
  title={{AIDE}},
  howpublished={\url{https://aide.github.io/}},
  note="[Accessed; 2019-06-10]"
}

@misc{aide:doc,
  title={{The AIDE manual}},
  howpublished={\url{https://aide.github.io/doc/}},
  note="[Accessed; 2019-06-10]"
}

@misc{aide:github,
  title={{aide source code}},
  howpublished={\url{https://github.com/aide/aide}},
  note="[Accessed; 2019-06-10]"
}


@misc{tripwire,
  title={{Tripwire}},
  howpublished={\url{https://www.tripwire.com/}},
  note="[Accessed; 2019-06-10]"
}

@book{crypto,
 author = {Paar, Christof and Pelzl, Jan},
 title = {Understanding Cryptography: A Textbook for Students and Practitioners},
 year = {2009},
 isbn = {3642041000, 9783642041006},
 edition = {1st},
 publisher = {Springer Publishing Company, Incorporated},
}

@misc{hash:slow,
  title={{MD5, SHA-1, SHA-256 and SHA-512 speed performance}},
  author={Lyudmil Latinov},
  howpublished={\url{https://automationrhapsody.com/md5-sha-1-sha-256-sha-512-speed-performance/}},
  note="[Accessed; 2019-06-10]"
}

@book{bruce:imaging,
  author    = {Nikkel, Bruce}, 
  title     = {Practical Forensic Imaging},
  publisher = {No Starch Press},
  year      = 2016,
  isbn      = {1593277938}
}

@misc{needed,
  title={{CITE NEEDED PLEASE LOOK FOR SOMETHING}},
  howpublished={\url{https://startpage.com/}},
  note="[Accessed; 2019-06-10]"
}

@misc{inode,
  title={{Detailed Understanding Of Linux Inodes With Example}},
  howpublished={\url{https://linoxide.com/linux-command/linux-inode/}},
  note="[Accessed; 2019-06-10]"
}

@misc{Tripwire:company,
  title={{}},
  howpublished={\url{https://www.tripwire.com/company/}},
  note="[Accessed; 2019-06-10]"
}

@inproceedings{Tripwire:Impl,
 author = {Kim, Gene H. and Spafford, Eugene H.},
 title = {The Design and Implementation of Tripwire: A File System Integrity Checker},
 booktitle = {Proceedings of the 2Nd ACM Conference on Computer and Communications Security},
 series = {CCS '94},
 year = {1994},
 isbn = {0-89791-732-4},
 location = {Fairfax, Virginia, USA},
 pages = {18--29},
 numpages = {12},
 url = {http://doi.acm.org/10.1145/191177.191183},
 doi = {10.1145/191177.191183},
 acmid = {191183},
 publisher = {ACM},
 address = {New York, NY, USA},
} 


@inproceedings{Malware:Behaviour,
 author = {Bayer, Ulrich and Habibi, Imam and Balzarotti, Davide and Kirda, Engin and Kruegel, Christopher},
 title = {A View on Current Malware Behaviors},
 booktitle = {Proceedings of the 2Nd USENIX Conference on Large-scale Exploits and Emergent Threats: Botnets, Spyware, Worms, and More},
 series = {LEET'09},
 year = {2009},
 location = {Boston, MA},
 url = {http://static.usenix.org/events/leet09/tech/full_papers/bayer/bayer.pdf},
 acmid = {1855684},
 publisher = {USENIX Association},
 address = {Berkeley, CA, USA},
} 


@INPROCEEDINGS{nids,
author={G. {Vigna} and R. A. {Kemmerer}},
booktitle={Proceedings 14th Annual Computer Security Applications Conference (Cat. No.98EX217)},
title={NetSTAT: a network-based intrusion detection approach},
year={1998},
volume={},
number={},
pages={25-34},
keywords={auditing;computer network management;security of data;computerised monitoring;network-based intrusion detection approach;NetSTAT;network-based attacks;network auditing;formal model;attacks;network event monitoring;Intrusion detection;Monitoring;Operating systems;Computer networks;Computer network reliability;Computer science;Read only memory;Programmable logic arrays;Protection;IP networks},
doi={10.1109/CSAC.1998.738566},
ISSN={1063-9527},
month={Dec},}

@InProceedings{hash:speed,
author="Nevelsteen, Wim
and Preneel, Bart",
editor="Stern, Jacques",
title="Software Performance of Universal Hash Functions",
booktitle="Advances in Cryptology --- EUROCRYPT '99",
year="1999",
publisher="Springer Berlin Heidelberg",
address="Berlin, Heidelberg",
pages="24--41",
abstract="This paper compares the parameters sizes and software performance of several recent constructions for universal hash functions: bucket hashing, polynomial hashing, Toeplitz hashing, division hashing, evaluation hashing, and MMH hashing. An objective comparison between these widely varying approaches is achieved by defining constructions that offer a comparable security level. It is also demonstrated how the security of these constructions compares favorably to existing MAC algorithms, the security of which is less understood.",
isbn="978-3-540-48910-8"
}



@Book{sha,
  author =       "{National Institute of Standards and Technology (NIST)}",
  title =        "{FIPS PUB 180-4}: Secure Hash Standard (SHS)",
  month =        "August",
  year =         "2015",
  URL =          "https://nvlpubs.nist.gov/nistpubs/FIPS/NIST.FIPS.180-4.pdf",
}